@BOOK{Feathers2004,
	AUTHOR = {Feathers, Michael},
	YEAR = {2004},
	TITLE = {Working Effectively with Legacy Code - },
	EDITION = {1. Aufl.},
	ISBN = {978-0-132-93175-5},
	PUBLISHER = {Prentice Hall Professional},
	ADDRESS = {New Jersey},
}

@BOOK{Bengel2015,
	AUTHOR = {Bengel, G{\"u}nther AND Baun, Christian AND Kunze, Marcel AND Stucky, Karl-Uwe},
	YEAR = {2015},
	TITLE = {Masterkurs Parallele und Verteilte Systeme - Grundlagen und Programmierung von Multicore-Prozessoren, Multiprozessoren, Cluster, Grid und Cloud},
	EDITION = {2. Aufl.},
	ISBN = {978-3-834-82151-5},
	PUBLISHER = {Springer-Verlag},
	ADDRESS = {Berlin Heidelberg New York},
}
@mastersthesis{Stewart,
  author       = {Stewart, Philip}, 
  title        = {Message-based Communication in Real-time Grid Computing},
  school       = {Hochschule f\"ur Technik und Wirtschaft Berlin},
  year         = {2014},
  month        = {Dezember},
}
@mastersthesis{Kochan,
  author       = {Kochan, Karsten}, 
  title        = {Shared Memory im Grid-Computing},
  school       = {Hochschule f\"ur Technik und Wirtschaft Berlin},
  year         = {2014},
  month        = {Dezember},
}
@CONFERENCE{Hessling2013,
  title={Big Data and Real-time Computing (Keynote)},
  author={He{\ss}ling, Hermann},
  BOOKTITLE={IEEE 15. International Conference on Modelling and Simulation},
  year={2013}
}
@article{Foster02,
  title={What is the Grid? A Three Point Checklist},
  author={Foster, Ian},
  journal={Argonne National Laboratory \& University of Chicago},
  year={2002}
}

@book{TanenbaumDS13,
 author = {Tanenbaum, Andrew S. and Steen, Maarten van},
 title = {Distributed Systems: Principles and Paradigms},
 year = {2013},
 isbn = {1292025522},
 publisher = {Prentice-Hall, Inc.},
 address = {Upper Saddle River, NJ, USA},
}

@book{Holler2013,
	AUTHOR = {Holler, Manfred J. AND Illing, Gerhard},
	YEAR = {2013},
	TITLE = {Einf\"uhrung in die Spieltheorie - },
	EDITION = {},
	ISBN = {978-3-662-06878-6},
	PUBLISHER = {Springer-Verlag},
	ADDRESS = {Berlin Heidelberg New York},
}

@book{Cowell98,
   title =     {Learning in graphical models},
   author =    {Cowell, Robert AND Jordan, Michael I.},
   publisher = {Springer Netherlands},
   isbn =      {978-94-010-6104-9,978-94-011-5014-9},
   year =      {1998},
   series =    {NATO ASI Series 89 Series D},
   edition =   {1},
   volume =    {},
   url =       {http://gen.lib.rus.ec/book/index.php?md5=8C4DEAF86709388739F44FEACF7C3FAF}}
   
@BOOK{Fey2010,
	AUTHOR = {Fey, Dietmar},
	YEAR = {2010},
	TITLE = {Grid-Computing - Eine Basistechnologie für Computational Science},
	EDITION = {1. Aufl.},
	ISBN = {978-3-540-79747-0},
	PUBLISHER = {Springer-Verlag},
	ADDRESS = {Berlin Heidelberg New York},
}

@BOOK{Heinz2013,
	AUTHOR = {Heinz, Ernst A.},
	YEAR = {2013},
	TITLE = {Scalable Search in Computer Chess - Algorithmic Enhancements and Experiments at High Search Depths},
	EDITION = {},
	ISBN = {978-3-322-90178-1},
	PUBLISHER = {Springer Science \& Business Media},
	ADDRESS = {Berlin Heidelberg}
}

@article{Hyatt1988,
	AUTHOR = {Hyatt, Robert, M. AND Nelson, Harry, L.},
	YEAR = {1988},
	TITLE = {A parallel alpha/beta tree searching algorithm},
	JOURNAL = {Parallel Computing 10 (1989) 299-308}
}

@BOOK{Mueller-Gronbach2012,
	AUTHOR = {M{\"u}ller-Gronbach, Thomas AND Novak, Erich AND Ritter, Klaus},
	YEAR = {2012},
	TITLE = {Monte Carlo-Algorithmen - },
	EDITION = {2012. Aufl.},
	ISBN = {978-3-540-89141-3},
	PUBLISHER = {Springer-Verlag},
	ADDRESS = {Berlin Heidelberg New York}
}

@BOOK{Lemieux2009,
	AUTHOR = {Lemieux, Christiane},
	YEAR = {2009},
	TITLE = {Monte Carlo and Quasi-Monte Carlo Sampling - },
	EDITION = {2009. Aufl.},
	ISBN = {978-0-387-78165-5},
	PUBLISHER = {Springer Science \& Business Media},
	ADDRESS = {Berlin Heidelberg}
}

@BOOK{Muehlback2011,
	AUTHOR = {M{\"u}hlback, G{\"u}nther},
	YEAR = {2011},
	TITLE = {Repetitorium Stochastik: - Ein Zugang über Beispiele },
	EDITION = {201. Aufl. 1},
	ISBN = {3923923279},
	PUBLISHER = {Binomi Verlag},
	ADDRESS = {Barsinghausen}
}

@BOOK{Sommerville2012,
	AUTHOR = {Sommerville, Ian},
	YEAR = {2012},
	TITLE = {Software Engineering - },
	EDITION = {9. Aufl.},
	ISBN = {978-3-827-37001-3},
	PUBLISHER = {Pearson Studium},
	ADDRESS = {M{\"u}nchen}
}

@TECHREPORT{Heim2011,
	AUTHOR = {Heim, Daniel},
	TITLE = {Forschungsbericht zu: Die Monte-Carlo-Methode im Schach},
	INSTITUTION = {Hochschule f{\"u}r Technik und Wirtschaft Berlin},
	YEAR = {2011}
}

@TECHREPORT{Heim2010,
	AUTHOR = {Heim, Daniel},
	TITLE = {Schach im Grid-Computing: Aplha-Beta-Algorithmus},
	INSTITUTION = {Hochschule f{\"u}r Technik und Wirtschaft Berlin},
	YEAR = {2011}
}

@BOOK{SS2009,
	AUTHOR = {Stanoevska-Slabeva, Katarina AND Wozniak, Thomas AND Ristol, Santi},
	YEAR = {2009},
	TITLE = {Grid and Cloud Computing - A Business Perspective on Technology and Applications},
	EDITION = {},
	ISBN = {978-3-642-05193-7},
	PUBLISHER = {Springer Science \& Business Media},
	ADDRESS = {Berlin Heidelberg},
}

@book{Radu2007,
   title =     {Grid Computing: Experiment Management, Tool Integration, and Scientific Workflows},
   author =    {Radu Prodan, Thomas Fahringer (auth.)},
   publisher = {Springer-Verlag Berlin Heidelberg},
   isbn =      {9783540692614,3540692614,9783540692621,3540692622},
   year =      {2007},
   series =    {Lecture Notes in Computer Science 4340},
   edition =   {1},
   volume =    {},
   url =       {http://gen.lib.rus.ec/book/index.php?md5=B6A603CDFFA6BA270B21B0F0E75C5913}}

@mastersthesis{Bortfeld,
  author       = {Bortfeld, Laurence}, 
  title        = {Optimierung der Worker-Nodeauslastung für eine parallele Echtzeitanwendung im Grid-Computing},
  school       = {Hochschule f\"ur Technik und Wirtschaft Berlin},
  year         = {2011},
  month        = {August},
}

@manual{Burke2009,
  title        = {gLite 3.1 User Guide},
  author       = {Burke, Stephen AND Campana, Simone AND Lanciotti, Elisa AND 
Lorenzo Méndez, Patricia AND Miccio, Vincenzo AND Nater, Christopher AND Santinelli, Roberto AND Sciab\'{e}, Andrea}, 
  organization = {Worldwide LHC Computing Grid, EGEE-II (Enabling Grids for E-sciencE-II)},
  address	   = {CERN, CH-1211, Geneva 23,Switzerland},
  edition      = "1.2",
  month        = "April",
  year         = 2009,
  note         = {Status Draft}

}

@BOOK{Benra2009,
	AUTHOR = {Benra, Juliane T. AND Halang, Wolfgang A.},
	YEAR = {2009},
	TITLE = {Software-Entwicklung für Echtzeitsysteme - },
	EDITION = {1. Aufl.},
	ISBN = {978-3-642-01596-0},
	PUBLISHER = {Springer-Verlag},
	ADDRESS = {Berlin Heidelberg New York},
}

@BOOK{Woern2006,
	AUTHOR = {Wörn, Heinz AND Brinkschulte, Uwe},
	YEAR = {2006},
	TITLE = {Echtzeitsysteme - Grundlagen, Funktionsweisen, Anwendungen},
	EDITION = {1. Aufl.},
	ISBN = {978-3-540-27416-2},
	PUBLISHER = {Springer-Verlag},
	ADDRESS = {Berlin Heidelberg New York},
}

@inproceedings{Amdahl1976,
 author = {Amdahl, Gene M.},
 title = {Validity of the Single Processor Approach to Achieving Large Scale Computing Capabilities},
 booktitle = {Proceedings of the April 18-20, 1967, Spring Joint Computer Conference},
 series = {AFIPS '67 (Spring)},
 year = {1967},
 location = {Atlantic City, New Jersey},
 pages = {483--485},
 numpages = {3},
 url = {http://doi.acm.org/10.1145/1465482.1465560},
 doi = {10.1145/1465482.1465560},
 acmid = {1465560},
 publisher = {ACM},
 address = {New York, NY, USA}
} 

@BOOK{Henze2016,
	AUTHOR = {Henze, Norbert},
	YEAR = {2016},
	TITLE = {Stochastik f{\"u}r Einsteiger - Eine Einf{\"u}hrung in die faszinierende Welt des Zufalls},
	EDITION = {11. Aufl.},
	ISBN = {978-3-658-14739-6},
	PUBLISHER = {Springer-Verlag},
	ADDRESS = {Berlin Heidelberg New York}
}

@BOOK{Hromkovic2013,
	AUTHOR = {Hromkovic, Juraj AND Sibisi, Sibusio},
	YEAR = {2013},
	TITLE = {Randomisierte Algorithmen - Methoden zum Entwurf von zufallsgesteuerten Systemen für Einsteiger},
	EDITION = {2004. Aufl.},
	ISBN = {978-3-322-80072-5},
	PUBLISHER = {Springer-Verlag},
	ADDRESS = {Berlin Heidelberg New York},
}

@book{Wegner2003,
       title = {Komplexit{\"a}tstheorie: Grenzen der Effizienz von Algorithmen},
       author = {Wegener, Ingo},
       isbn = {978-3540001614},
       edition = {Aufl. 2003 (10. März 2003)},
       PUBLISHER = {Springer-Verlag},
	   ADDRESS = {Berlin Heidelberg New York}
} 

@book{Pfleger2004,
	AUTHOR = {Pfleger, Helmut},
	YEAR = {2004},
	TITLE = {Schach Zug um Zug - Bauerndiplom, Turmdiplom, K{\"o}nigsdiplom ; offizielles Lehrbuch des Deutschen Schachbundes zur Erringung der Diplome},
	EDITION = {10. Aufl.},
	ISBN = {978-3-809-41643-2},
	PUBLISHER = {Bassermann},
	ADDRESS = {G}
}

@misc{WikiMiniMax,
  author = {Nogueira, Nuno},
  title = {Minimax-Algorithmus},
  year = 2004,
  howpublished = {\url{https://upload.wikimedia.org/wikipedia/commons/6/6f/Minimax.svg}},
  note = {Letzter Aufruf: 26.05.2017}
}

@misc{AlphaBeta,
  author = {Antonsusi},
  title = {Alpha-Beta-Algorithmus},
  year = 2016,
  howpublished = {\url{https://upload.wikimedia.org/wikipedia/commons/thumb/d/df/Alpha_beta.svg/1280px-Alpha_beta.svg.png}},
  note = {Letzter Aufruf: 26.05.2017}
}   

@article{Chaslot2007,
	AUTHOR = {Chaslot, G.M.J.B. AND  Winands, M.H.M. AND Uiterwijk, J.W.H.M. AND van den Herik, H.J.},
	YEAR = {2007},
	TITLE = {Progressive Strategies for Monte-Carlo Tree Search},
	JOURNAL = {World Scientific Book}
}

@Inbook{Chaslot2008,
author="Chaslot, Guillaume M. J. -B.
and Winands, Mark H. M.
and van den Herik, H. Jaap",
editor="van den Herik, H. Jaap
and Xu, Xinhe
and Ma, Zongmin
and Winands, Mark H. M.",
title="Parallel Monte-Carlo Tree Search",
bookTitle="Computers and Games: 6th International Conference, CG 2008, Beijing, China, September 29 - October 1, 2008. Proceedings",
year="2008",
publisher="Springer Berlin Heidelberg",
address="Berlin, Heidelberg",
pages="60--71",
abstract="Monte-Carlo Tree Search (MCTS) is a new best-first search method that started a revolution in the field of Computer Go. Parallelizing MCTS is an important way to increase the strength of any Go program. In this article, we discuss three parallelization methods for MCTS: leaf parallelization, root parallelization, and tree parallelization. To be effective tree parallelization requires two techniques: adequately handling of (1) local mutexes and (2) virtual loss. Experiments in 13{\texttimes}13 Go reveal that in the program Mango root parallelization may lead to the best results for a specific time setting and specific program parameters. However, as soon as the selection mechanism is able to handle more adequately the balance of exploitation and exploration, tree parallelization should have attention too and could become a second choice for parallelizing MCTS. Preliminary experiments on the smaller 9{\texttimes}9 board provide promising prospects for tree parallelization.",
isbn="978-3-540-87608-3",
doi="10.1007/978-3-540-87608-3_6",
url="https://doi.org/10.1007/978-3-540-87608-3_6"
}


@unpublished{EWD:EWD1036,
   author = {Dijkstra, Edsger W.},
   title = {On the cruelty of really teaching computing science},
   month = {dec},
   year = {1988},
   note = {circulated privately},
   howpublished = {\url{http://www.cs.utexas.edu/users/EWD/ewd10xx/EWD1036.PDF}}
   }

@article{Knuth2007,
  author    = {Arturo Gonzalez{-}Gutierrez and
               Teofilo F. Gonzalez},
  title     = {Complexity of the minimum-length corridor problem},
  journal   = {Comput. Geom.},
  volume    = {37},
  number    = {2},
  pages     = {72--103},
  year      = {2007},
  url       = {https://doi.org/10.1016/j.comgeo.2006.10.002},
  doi       = {10.1016/j.comgeo.2006.10.002},
  timestamp = {Sat, 20 May 2017 00:25:27 +0200},
  biburl    = {http://dblp.uni-trier.de/rec/bib/journals/comgeo/Gonzalez-GutierrezG07},
  bibsource = {dblp computer science bibliography, http://dblp.org}
}

@article{doi:10.1287/moor.12.2.262,
author = {Michael N. Katehakis and Arthur F. Veinott, Jr.},
title = {The Multi-Armed Bandit Problem: Decomposition and Computation},
journal = {Mathematics of Operations Research},
volume = {12},
number = {2},
pages = {262-268},
year = {1987}
}

@article{Kocsis2006,
 author = {Kocsis, Levente and Szepesv\'{a}ri, Csaba},
 title = {Bandit Based Monte-carlo Planning},
 booktitle = {Proceedings of the 17th European Conference on Machine Learning},
 series = {ECML'06},
 year = {2006},
 isbn = {3-540-45375-X, 978-3-540-45375-8},
 location = {Berlin, Germany},
 pages = {282--293},
 numpages = {12},
 url = {http://dx.doi.org/10.1007/11871842_29},
 doi = {10.1007/11871842_29},
 acmid = {2091633},
 publisher = {Springer-Verlag},
 address = {Berlin, Heidelberg}
} 

@article{Coulom2006,
 author = {Coulom, R{\'e}mi},
 title = {Efficient Selectivity and Backup Operators in Monte-Carlo Tree Search},
 booktitle = {Proceedings of the 5th International Conference on Computers and Games},
 series = {CG'06},
 year = {2007},
 isbn = {3-540-75537-3, 978-3-540-75537-1},
 location = {Turin, Italy},
 pages = {72--83},
 numpages = {12},
 url = {http://dl.acm.org/citation.cfm?id=1777826.1777833},
 acmid = {1777833},
 publisher = {Springer-Verlag},
 address = {Berlin, Heidelberg}
} 

@article{Bouzy2005,
 author = {Bouzy, Bruno},
 title = {Associating Domain-dependent Knowledge and Monte Carlo Approaches Within a Go Program},
 journal = {Inf. Sci.},
 issue_date = {November, 2005},
 volume = {175},
 number = {4},
 month = nov,
 year = {2005},
 issn = {0020-0255},
 pages = {247--257},
 numpages = {11},
 url = {http://dx.doi.org/10.1016/j.ins.2004.04.010},
 doi = {10.1016/j.ins.2004.04.010},
 acmid = {1711561},
 publisher = {Elsevier Science Inc.},
 address = {New York, NY, USA},
}

@BOOK{Cormen2013,
	AUTHOR = {Cormen, Thomas H. AND Leiserson, Charles E. AND Rivest, Ronald AND Stein, Clifford},
	YEAR = {2013},
	TITLE = {Algorithmen - Eine Einf{\"u}hrung},
	EDITION = {},
	ISBN = {978-3-110-52201-3},
	PUBLISHER = {Walter de Gruyter GmbH \& Co KG},
	ADDRESS = {M},
}

@article{turing1950computing,
  added-at = {2012-06-19T15:53:23.000+0200},
  author = {Turing, A. M.},
  biburl = {https://www.bibsonomy.org/bibtex/2c6b8db241dec2cec3477ce771abebb8f/jaeschke},
  copyright = {Copyright © 1950 Oxford University Press},
  interhash = {3f7a151a4f79fe75b4bb148b41279a9b},
  intrahash = {c6b8db241dec2cec3477ce771abebb8f},
  issn = {00264423},
  journal = {Mind},
  jstor_articletype = {research-article},
  jstor_formatteddate = {Oct., 1950},
  keywords = {},
  language = {English},
  number = 236,
  pages = {433--460},
  publisher = {Oxford University Press on behalf of the Mind Association},
  series = {New Series},
  timestamp = {2012-06-19T15:53:23.000+0200},
  title = {Computing Machinery and Intelligence},
  url = {http://www.jstor.org/stable/2251299},
  volume = 59,
  year = 1950
}
@misc{ApacheMath,
  author = {Apache Commons},
  title = {Commons Math: The Apache Commons Mathematics Library},
  year =  {2017},
  howpublished = {\url{https://commons.apache.org/proper/commons-math/}},
  note = {Letzter Aufruf: 26.05.2017}
}
@article{Knuth2002,
  author    = {B{\"o}geholz, Harald},
  title     = {Donald E. Knuth über MMIX und die Kunst des Programmierens},
  journal   = { c't 05/2002, S. 190 	},
  volume    = {5},
  pages     = {190},
  year      = {2002},
  url       = {https://shop.heise.de/katalog/der-perfektionist},
  bibsource = {https://shop.heise.de/katalog/der-perfektionist}
}
@article{Hoare96,
  author    = {Hoare, Charles Antony Richard},
  title     = {How Did Software Get So Reliable Without Proof?},
  journal   = {Lecture Notes in Computer Science},
  volume    = {1051},
  number    = {2},
  pages     = {1--17},
  year      = {1996},
  timestamp = {Sat, 20 May 2017 00:25:27 +0200},

}
@misc{weiss,
  author = {Kibitzers},
  title = {chessgames.com},
  year =  {2016},
  howpublished = {\url{http://www.chessgames.com/chessstats.html}},
  note = {Letzter Aufruf: 26.07.2017}
}
@misc{Kernighan09,
  author = {Bhartia, Pankaj AND Chakravarty, Ashis},
  title = {Leap In and Try Things: Interview with Brian Kernighan},
  year =  {2009},
  howpublished = {\url{https://web.archive.org/web/20110701151454/http://www.harmonyatwork.in/blog/2009/10/leap-in-and-try-things-brian-kernighan/}},
  note = {Letzter Aufruf: 26.07.2017}
}
@article{Shanon50,
 author = {Shannon, Claude Elwood},
 chapter = {Programming a Computer for Playing Chess},
 title = {Computer Chess Compendium},
 editor = {Levy, David},
 year = {1988},
 isbn = {0-387-91331-9},
 pages = {2--13},
 numpages = {12},
 url = {http://dl.acm.org/citation.cfm?id=61701.67002},
 acmid = {67002},
 publisher = {Springer-Verlag New York, Inc.},
 address = {New York, NY, USA},
} 

