@book{Kurose2012,
 author = {Kurose, James F. and Ross, Keith W.},
 title = {Computer Networking: A Top-Down Approach (6th Edition)},
 year = {2012},
 isbn = {0132856204, 9780132856201},
 edition = {6th},
 publisher = {Pearson},
} 

@book{fall2011tcp,
  title={TCP/IP illustrated, volume 1: The protocols},
  author={Fall, Kevin R. and Stevens, Richard W.},
  year={2011},
  publisher={addison-Wesley}
}

@article{kozierok2005tcp,
  title={The TCP/IP Guide: A Comprehensive},
  author={Kozierok, Charles M.},
  journal={Illustrated Internet Protocols Reference},
  year={2005},
  publisher={No Starch Press, Series. No Starch}
}


