@book{TanenbaumDS13,
 author = {Tanenbaum, Andrew S. and Steen, Maarten van},
 title = {Distributed Systems: Principles and Paradigms},
 year = {2013},
 isbn = {1292025522},
 publisher = {Prentice-Hall, Inc.},
 address = {Upper Saddle River, NJ, USA},
}

@article{Knuth2007,
  author    = {Arturo Gonzalez{-}Gutierrez and
               Teofilo F. Gonzalez},
  title     = {Complexity of the minimum-length corridor problem},
  journal   = {Comput. Geom.},
  volume    = {37},
  number    = {2},
  pages     = {72--103},
  year      = {2007},
  url       = {https://doi.org/10.1016/j.comgeo.2006.10.002},
  doi       = {10.1016/j.comgeo.2006.10.002},
  timestamp = {Sat, 20 May 2017 00:25:27 +0200},
  biburl    = {http://dblp.uni-trier.de/rec/bib/journals/comgeo/Gonzalez-GutierrezG07},
  bibsource = {dblp computer science bibliography, http://dblp.org}
}


@BOOK{Cormen2013,
	AUTHOR = {Cormen, Thomas H. AND Leiserson, Charles E. AND Rivest, Ronald AND Stein, Clifford},
	YEAR = {2013},
	TITLE = {Algorithmen - Eine Einf{\"u}hrung},
	EDITION = {},
	ISBN = {978-3-110-52201-3},
	PUBLISHER = {Walter de Gruyter GmbH \& Co KG},
	ADDRESS = {M},
}

@article{turing1950computing,
  added-at = {2012-06-19T15:53:23.000+0200},
  author = {Turing, A. M.},
  biburl = {https://www.bibsonomy.org/bibtex/2c6b8db241dec2cec3477ce771abebb8f/jaeschke},
  copyright = {Copyright © 1950 Oxford University Press},
  interhash = {3f7a151a4f79fe75b4bb148b41279a9b},
  intrahash = {c6b8db241dec2cec3477ce771abebb8f},
  issn = {00264423},
  journal = {Mind},
  jstor_articletype = {research-article},
  jstor_formatteddate = {Oct., 1950},
  keywords = {},
  language = {English},
  number = 236,
  pages = {433--460},
  publisher = {Oxford University Press on behalf of the Mind Association},
  series = {New Series},
  timestamp = {2012-06-19T15:53:23.000+0200},
  title = {Computing Machinery and Intelligence},
  url = {http://www.jstor.org/stable/2251299},
  volume = 59,
  year = 1950
}


@article{Knuth2002,
  author    = {B{\"o}geholz, Harald},
  title     = {Donald E. Knuth über MMIX und die Kunst des Programmierens},
  journal   = { c't 05/2002, S. 190 	},
  volume    = {5},
  pages     = {190},
  year      = {2002},
  url       = {https://shop.heise.de/katalog/der-perfektionist},
  bibsource = {https://shop.heise.de/katalog/der-perfektionist}
}
@article{Hoare96,
  author    = {Hoare, Charles Antony Richard},
  title     = {How Did Software Get So Reliable Without Proof?},
  journal   = {Lecture Notes in Computer Science},
  volume    = {1051},
  number    = {2},
  pages     = {1--17},
  year      = {1996},
  timestamp = {Sat, 20 May 2017 00:25:27 +0200},

}
@misc{rpi,
  author = {Raspberry Pi Foundation},
  title = {Raspberry Pi 3 Model B+},
  year =  {2019},
  howpublished = {\url{https://www.raspberrypi.org/products/raspberry-pi-3-model-b-plus/}},
  note = {Letzter Aufruf: 26.04.2019}
}
@misc{Kernighan09,
  author = {Bhartia, Pankaj AND Chakravarty, Ashis},
  title = {Leap In and Try Things: Interview with Brian Kernighan},
  year =  {2009},
  howpublished = {\url{https://web.archive.org/web/20110701151454/http://www.harmonyatwork.in/blog/2009/10/leap-in-and-try-things-brian-kernighan/}},
  note = {Letzter Aufruf: 26.07.2017}
}
@article{Shanon50,
 author = {Shannon, Claude Elwood},
 chapter = {Programming a Computer for Playing Chess},
 title = {Computer Chess Compendium},
 editor = {Levy, David},
 year = {1988},
 isbn = {0-387-91331-9},
 pages = {2--13},
 numpages = {12},
 url = {http://dl.acm.org/citation.cfm?id=61701.67002},
 acmid = {67002},
 publisher = {Springer-Verlag New York, Inc.},
 address = {New York, NY, USA},
} 

