@book{Kurose2012,
 author = {Kurose, James F. and Ross, Keith W.},
 title = {Computer Networking: A Top-Down Approach (6th Edition)},
 year = {2012},
 isbn = {0132856204, 9780132856201},
 edition = {6th},
 publisher = {Pearson},
} 

@inproceedings{Augustin2006ATA,
 author = {Augustin, Brice and Cuvellier, Xavier and Orgogozo, Benjamin and Viger, Fabien and Friedman, Timur and Latapy, Matthieu and Magnien, Cl{\'e}mence and Teixeira, Renata},
 title = {Avoiding Traceroute Anomalies with Paris Traceroute},
 booktitle = {Proceedings of the 6th ACM SIGCOMM Conference on Internet Measurement},
 series = {IMC '06},
 year = {2006},
 isbn = {1-59593-561-4},
 location = {Rio de Janeriro, Brazil},
 pages = {153--158},
 numpages = {6},
 url = {http://doi.acm.org/10.1145/1177080.1177100},
 doi = {10.1145/1177080.1177100},
 acmid = {1177100},
 publisher = {ACM},
 address = {New York, NY, USA},
 keywords = {load balancing, traceroute},
}
